

@book{farahani2009facility,
  title={Facility location: concepts, models, algorithms and case studies},
  author={Farahani, Reza Zanjirani and Hekmatfar, Masoud},
  year={2009},
  publisher={Springer Science \& Business Media}
}
