

@book{farahani2009facility,
  title={Facility location: concepts, models, algorithms and case studies},
  author={Farahani, Reza Zanjirani and Hekmatfar, Masoud},
  year={2009},
  publisher={Springer Science \& Business Media}
}


@article{nema-ref-a2fb11eefb13642f,
	title = {Problem Statement},
	author = {Max Opgenoord},
	journal = {Nema Data Management System},
	year = {2023},
	month = {February},
	day = {12},
	url = {https://demo.nema.dev/documents/doc/a2fb11eefb13642f}
}
